1127 1494
293 155 313 174 vl

295 199 480 236 orationisque
501 197 680 234 elegantiam,
701 197 776 223 haud
799 206 887 234 pauca
907 196 983 224 desi-

295 239 441 270 derentur;
460 238 499 264 ita
523 237 709 264 assiduitatem
734 246 765 263 ac
793 235 982 273 diligentiam,

295 279 350 316 qua
371 279 399 305 in
419 277 562 304 tractando
584 277 637 303 hoc
657 283 817 313 argumento
835 287 897 303 sum
918 287 983 303 ver—

295 323 384 350 satus,
407 317 472 343 vitia
496 316 570 342 illius
593 316 715 353 quodam
740 316 825 343 modo
849 326 983 353 compen-

295 363 386 384 satura
415 356 548 383 existimo.
572 356 680 382 Etenim
701 365 765 382 cum
787 362 982 392 perangustum

293 396 425 433 temporis
453 395 572 432 spatium
596 395 631 421 ad
656 395 811 422 exhibenda
832 395 985 422 Ordinibus'

295 445 424 472 responsa
450 441 519 461 esset
550 444 709 461 concessum
725 455 732 468 ,
761 441 788 461 et
822 434 982 472 quotidiana

293 484 378 513 pensa
395 474 439 501 vix
456 475 505 501 otii
522 474 674 512 quidquam
692 471 728 501 ad
741 474 908 511 peculiarem
922 474 982 501 Dis-

295 515 469 542 sertationem
486 513 683 541 elaborandam
699 514 768 541 mihi
781 514 982 551 relinquerent;

293 553 369 591 quod
388 553 482 581 ceteris
501 553 598 580 studiis
616 553 749 580 subsecivi
768 554 898 590 temporis
919 553 983 579 sub-

294 593 402 620 trahere
424 599 564 630 poteram,
586 593 615 619 id
635 593 742 625 solum,
760 593 802 619 vel
825 592 982 630 posthabita

294 632 458 660 valetudinis
476 633 558 665 eura,
575 632 610 659 ad
631 639 787 670 susceptum
806 633 881 659 hunc
900 633 983 659 labo—

294 683 353 700 rem
365 671 563 709 perficiendum
582 671 640 699 erat
657 672 882 709 impendendum.
898 672 983 706 Quod

295 719 398 739 tamen*
412 721 444 738 eo
475 711 614 738 lubentius
635 712 698 749 feei
711 732 718 744 ‚
747 722 810 739 cum
840 712 982 749 proposito

295 758 455 789 argumento
473 751 614 788 insigniter
630 751 795 785 delectarer,
814 758 842 788 et
859 761 916 789 quo
929 761 983 778 ma-

293 792 333 829 gis
351 792 381 817 in
399 801 431 818 eo
447 791 636 828 persequendo
658 791 846 829 progrederer,
867 801 900 818 eo
919 801 983 817 ma-

292 832 379 868 jorem
404 830 439 857 ad
465 830 555 858 studia
580 841 642 858 mea
666 831 812 869 utilitatem
838 830 904 857 inde
925 840 982 858 esse

295 870 509 905 redundaturam
529 872 668 909 sentirem-¹

328 922 451 949 Monitos
478 928 569 948 autem
591 922 644 949 hoc
666 922 727 949 loco
749 922 830 949 velim
854 922 982 949 Doctissi-

295 972 355 989 mos
376 962 468 994 Viros,
487 962 587 999 quibus
612 962 647 989 de
669 962 803 999 opusculo
826 971 895 988 meo,
909 961 982 998 judi-

296 1002 370 1028 cium
394 1002 446 1029 erit
468 1001 636 1034 faciendum,
660 1002 779 1028 noluisse
803 1011 864 1034 me,
887 1001 982 1038 quavis

296 1040 360 1068 data
382 1041 603 1078 opportunitate,
628 1041 766 1068 Ciceronis
789 1041 891 1068 laudes,
906 1040 981 1067 cele-

296 1080 376 1107 brare
406 1082 517 1117 ejusque
551 1087 607 1107 tam
636 1080 772 1120 cogitandi
801 1080 980 1107 subtilitatem
1018 1091 1022 1094 ⁴

296 1129 380 1156 quam
398 1119 507 1147 dicendi
522 1121 578 1147 vim
596 1127 623 1147 et
639 1120 798 1157 elegantiam
816 1119 979 1157 praedicare,
