1127 1494
330 162 337 173 ι
344 162 363 173 ιο
523 157 601 175 FRANQ
614 157 657 174 JAC.
671 157 817 175 SCHOLLAERT

327 206 415 226 sessione
424 205 460 226 sus
471 205 575 231 turbatur,
588 213 624 233 per
636 213 712 226 armum
723 207 825 233 integrm
838 206 931 227 nondum
943 214 1013 234 posse—

328 237 388 262 derit,
398 237 487 263 possitne
499 236 532 256 hic
544 237 645 257 actionem
657 238 801 264 possessorium
811 244 910 258 exercere.
919 238 1012 266 Respon-

327 267 407 292 demus,
416 267 481 295 quod,
494 268 511 287 si
522 275 547 288 ex
555 272 592 288 nrt.
607 268 658 289 2235
668 268 718 288 Cod.
730 268 773 288 civ.
784 269 847 295 possit
858 269 888 288 uti
900 270 1012 290 accessione

327 298 458 325 possessionis
475 299 585 325 temporis,
600 305 643 326 quo
665 303 736 319 auctor
752 299 795 326 ejus
810 299 913 326 possedit,
932 299 1012 320 nullum

327 330 353 349 sit
370 329 469 355 dubium,
487 329 538 357 quin
553 330 617 357 possit
632 330 733 350 actionem
748 330 891 357 possessoriam
907 337 1012 355 exercere,

329 360 426 388 quoniam
437 364 486 380 tune
497 364 563 387 potest
573 360 666 381 annalem
674 367 732 381 suam
741 361 889 387 possessionem
899 361 1011 388 complere3

328 391 434 411 difficultas
452 392 520 419 itaque
538 395 617 411 tantum
632 392 722 411 nascitur
733 398 793 417 casu,
807 398 850 418 quo
865 391 918 412 illius
932 392 1012 412 arficuli

326 422 394 442 favore
404 422 434 442 uti
444 429 486 442 non
498 426 569 449 potest.
583 423 607 442 Et
621 422 705 450 quidem
718 426 767 442 tunc
780 422 944 443 concludendum
955 422 1011 442 vide-

326 457 360 473 tur
372 460 396 473 ex
405 457 439 472 art.
450 452 476 473 23
487 452 536 473 Cod.
546 453 601 472 Proc⁴
608 468 613 477 ,
622 453 679 480 quod
689 453 714 478 is,
725 453 761 480 qui
771 460 808 480 per
819 460 895 473 aunum
908 454 1012 480 integrum

325 490 368 503 non
381 483 479 510 possedit,
492 484 555 510 possit
567 484 589 503 in
602 484 728 510 possessione
746 483 782 503 sud
798 483 888 509 turbari,
902 488 937 503 aut
951 484 1012 503 etism

325 514 348 533 eA
358 513 449 541 spoliari,
458 514 509 541 quin
518 513 614 533 adversus
622 513 738 533 turbantem
754 513 814 533 detur
826 514 878 533 actio
890 515 1012 541 possessoris

324 544 350 564 ad
360 544 534 571 perturbationem
546 544 689 568 amovendam3
698 544 720 564 id
729 544 785 572 quod
795 544 879 564 minime
888 544 1010 564 credendum

324 575 385 595 nobis
394 575 485 600 videtur,
495 575 592 602 quoniam
598 575 646 596 inde
655 576 789 602 contingeret,
799 575 856 603 quod
863 575 929 595 turbae
936 580 958 595 et
968 583 1011 603 spo-

323 606 417 627 liationes
431 610 497 626 essent
515 606 559 633 lege
576 607 698 626 connivente
715 613 813 626 concessae
831 610 867 626 aut
881 606 953 626 saltem
969 613 1010 626 non

323 637 461 664 reprimendae.
473 637 519 662 Qua
524 641 609 664 propter
617 638 666 662 siis,
678 638 714 665 qui
726 637 839 657 facultatem
850 637 966 664 complendi
975 644 1010 657 an-

323 667 391 687 nalem
397 675 454 687 susm
463 668 609 694 possessionem
620 675 662 688 non
671 668 740 692 habet,
747 668 769 687 in
778 668 802 688 eA
808 668 903 688 turbetur
908 672 943 688 aut
949 669 1011 688 etiam

324 699 347 718 efi
356 698 465 725 spolietur,
475 702 582 726 antequam
593 705 629 725 per
639 705 716 718 annum
725 699 827 725 integrum
836 698 959 726 possederit,
969 698 1010 719 dis-

323 728 459 756 tinguendum
468 735 510 749 esse
518 728 646 749 arbitramur.
652 729 673 749 Si
683 729 704 749 in
713 730 840 756 possessione
849 729 885 749 sua
894 729 989 749 turbetur
998 736 1011 749 a

323 759 449 787 praecedente
458 766 580 786 possessore,
589 760 634 787 qui,
648 764 754 787 postquam
769 767 806 787 per
819 767 896 780 annum
908 760 1011 786 integrum

322 790 443 818 possederit,
453 790 543 810 nondum
552 790 626 810 abhinc
635 797 688 810 anno
700 790 737 810 fuit
747 791 874 818 possessione
889 791 924 810 sua
934 790 1010 817 spolia-

323 826 364 847 tus,
380 828 422 841 non
436 821 562 846 dubitamus,
578 821 629 849 quin
640 821 692 841 actio
702 821 824 848 possessoris
838 821 877 848 ipsi
893 820 1009 848 deneganda

323 853 358 877 sit,
371 852 469 880 quoniam
485 859 508 872 ea
522 852 620 878 competit
633 851 676 878 ejus
691 851 807 871 adversario
816 867 822 877 ,
835 852 879 876 cui,
896 856 919 871 ut
933 858 1009 878 suppo-

323 884 400 908 nimus,
412 882 505 903 nondum
518 883 633 910 praescripta
648 886 687 906 est;
703 889 741 902 nec
752 886 782 902 est
796 883 834 909 ipsi
846 882 970 909 quidquam,
983 882 1009 902 de

323 921 365 942 quo
374 914 433 942 queri
446 917 522 941 potest,
535 920 581 933 cnm
588 920 629 940 ,per
640 917 721 940 tempus
730 912 756 932 ad
767 913 940 940 praescriptionem
954 912 1007 932 illius

323 945 407 965 aetionis
418 944 539 972 requisitum
552 943 645 964 nondum
653 943 772 971 possederit.
787 943 824 963 Sin
834 950 884 963 vero
897 944 919 963 in
931 949 1008 970 posses-

322 976 379 996 sione
389 975 425 995 sua
436 975 530 995 turbetur
539 974 564 994 ab
578 979 683 1000 extraneo,
692 974 728 1002 qui
740 981 853 1002 numquam
863 973 964 1001 possedit,
975 973 1008 993 vel

323 1006 359 1034 qui
373 1006 457 1034 quidem
474 1005 578 1033 possedit,
592 1005 627 1025 sed
641 1006 674 1025 cui
690 1005 741 1025 actio
757 1005 880 1032 possessoris
893 1004 1010 1032 praescripta

323 1042 361 1063 est,
370 1042 472 1065 putamus,
482 1037 521 1057 hoc
530 1037 552 1057 in
562 1043 610 1056 casu
616 1036 715 1056 actionem
723 1036 867 1063 possessorium
874 1035 911 1062 ipsi
922 1034 1009 1055 dandam

322 1075 373 1093 esse,
381 1067 428 1088 licet
432 1074 469 1095 per
473 1074 549 1087 annum
554 1067 656 1094 integrum
665 1066 757 1086 nondum
764 1066 887 1093 possederit,
894 1065 943 1093 quia
952 1065 1010 1090 alias,

322 1103 345 1119 ut
354 1098 452 1123 diximus,
462 1102 529 1125 posset
541 1098 627 1125 quisque
637 1097 784 1124 possessionem
797 1096 839 1124 ejus
850 1097 934 1123 impune
944 1102 1008 1115 oceu-

322 1137 379 1157 pare,
388 1136 434 1149 cum
445 1128 510 1149 turbae
522 1133 543 1148 et
556 1128 686 1155 spoliationes
696 1132 762 1148 essent
772 1127 816 1154 lege
828 1127 949 1147 connivente
962 1132 1010 1146 cou-
